@misc{LSTMIntro,
    author = {Susan Li},
    title = {Multi-Class Text Classification with LSTM},
    year = {2019},
    url = {https://towardsdatascience.com/multi-class-text-classification-with-lstm-1590bee1bd17}
    }

@misc{NLPtutorial,
    author = {Ujjawal Verma},
    title = {Text Preprocessing for NLP (Natural Language Processing),Beginners to Master},
    year = {2020},
    url = {https://medium.com/analytics-vidhya/text-preprocessing-for-nlp-natural-language-processing-beginners-to-master-fd82dfecf95}
    }

@misc{GloVe,
    author = {Jeffrey Pennington, Richard Socher, Christopher D. Manning},
    title = {GloVe: Global Vectors for Word Representation},
    year = {2020},
    url = {https://nlp.stanford.edu/projects/glove/}
    }

@misc{TweetData,
    author = {@CROWDFLOWER},
    title = {Sentiment Analysis in Text},
    year = {2016},
    url = {https://data.world/crowdflower/sentiment-analysis-in-text}
    }

@misc{ISEAR,
    author = {Klaus R. Scherer, Harald Wallbott.},
    title = {International Survey On Emotion Antecedents And Reactions (ISEAR)},
    year = {1990},
    url = {https://www.unige.ch/cisa/research/materials-and-online-research/research-material/}
    }

@misc{bilstm,
    author = {Jason Brownlee},
    title = {How to Develop a Bidirectional LSTM For Sequence Classification in Python with Keras},
    year = {2017},
    url = {https://machinelearningmastery.com/develop-bidirectional-lstm-sequence-classification-python-keras/}
    }



@INPROCEEDINGS{lstmeg,
  author={N. {Irtiza Tripto} and M. {Eunus Ali}},
  booktitle={2018 International Conference on Bangla Speech and Language Processing (ICBSLP)}, 
  title={Detecting Multilabel Sentiment and Emotions from Bangla YouTube Comments}, 
  year={2018},
  volume={},
  number={},
  pages={1-6},
  doi={10.1109/ICBSLP.2018.8554875}
  }
  

@inproceedings{Cai,
  title={Multi-view and Attention-Based BI-LSTM for Weibo Emotion Recognition},
  author={Xiaofeng Cai and Zhifeng Hao},
  year={2018},
  booktitle={Proceedings of the 2018 International Conference on Network, Communication, Computer Engineering (NCCE 2018)},
  pages={772-779},
  issn={1951-6851},
  isbn={978-94-6252-517-7},
  url={https://doi.org/10.2991/ncce-18.2018.127},
  doi={https://doi.org/10.2991/ncce-18.2018.127},
  publisher={Atlantis Press}
  }

@INPROCEEDINGS{svmeg,
  author={R. {Jayakrishnan} and G. N. {Gopal} and M. S. {Santhikrishna}},
  booktitle={2018 International Conference on Computer Communication and Informatics (ICCCI)}, 
  title={Multi-Class Emotion Detection and Annotation in Malayalam Novels}, 
  year={2018},
  volume={},
  number={},
  pages={1-5},
  doi={10.1109/ICCCI.2018.8441492}
  }
  

@misc{breteg,
      title={ANA at SemEval-2019 Task 3: Contextual Emotion detection in Conversations through hierarchical LSTMs and BERT}, 
      author={Chenyang Huang and Amine Trabelsi and Osmar R. Za√Øane},
      year={2019},
      eprint={1904.00132},
      archivePrefix={arXiv},
      primaryClass={cs.CL}
      }